@article{basu2018active,
  title={Active Brownian motion in two dimensions},
  author={Basu, Urna and Majumdar, Satya N and Rosso, Alberto and Schehr, Gr{\'e}gory},
  journal={Physical Review E},
  volume={98},
  number={6},
  pages={062121},
  year={2018},
  publisher={APS}
}
